@manual{Standard,
author = {ISO/IEC},
title = {International Standard ISO/IEC/IEEE 29148:2011},
date = {2011/12/01},
subtitle = {Systems and software engineering —
Life cycle processes — Requirements
engineering},
language = {English},
edition = {First Edition},
organization = {ISO/IEC/IEEE},
location = {Switzerland},
isbn = {978-0-7381-6591-2 STD97087},
}


@misc{Specification,
author = {Dr Ron Petrick},
title = {Year 3 Group Project Specification},
date = {2017/10/12},
subtitle = {Restaurant Ordering System},
url = {http://www.macs.hw.ac.uk/~rpp6/teaching/GroupProject/docs/project/GroupProjectSpec2017.pdf},
urldate = {2017-11-18}
}

@misc{Example,
organization = {Software Development Associates},
title = {User Requirements Document},
subtitle = {Software Development Associates project for Thistle Airways},
date = {2010-10-10}
}

@misc{Bid,
author = {Dr Ron Petrick},
title = {Group Project Stage 1},
subtitle = {The Bid},
date = {2017-10-12},
url = {http://www.macs.hw.ac.uk/~rpp6/teaching/GroupProject/docs/stages/Stage1Bid.pdf},
urldate = {2017-11-18}
}

@misc{Rubric,
author = {Dr Ron Petrick},
title = {Stage 1 Rubric},
date = {2017-10-12},
url = {http://www.macs.hw.ac.uk/~rpp6/teaching/GroupProject/docs/stages/Stage1Rubric.pdf},
urldate = {2017-11-18}
}